@InProceedings{batista2003balancing,
  Title                    = {Balancing Training Data for Automated Annotation of Keywords: a Case Study},
  Author                   = {Batista, G. E. and Bazzan, A. L. and Monard, M. C.},
  Booktitle                = {WOB},
  Year                     = {2003},
  Pages                    = {10--18}
}

@Article{batista2004study,
  Title                    = {A study of the behavior of several methods for balancing machine learning training data},
  Author                   = {Batista, G. E. and Prati, R. C. and Monard, M. C.},
  Journal                  = {ACM Sigkdd Explorations Newsletter},
  Year                     = {2004},
  Number                   = {1},
  Pages                    = {20--29},
  Volume                   = {6},
  Publisher                = {ACM}
}

@Article{chawla2002smote,
  Title                    = {{S}{M}{O}{T}{E}: synthetic minority over-sampling technique},
  Author                   = {Chawla, N. V. and Bowyer, K. W. and Hall, L. O. and Kegelmeyer, W. P.},
  Journal                  = {Journal of artificial intelligence research},
  Year                     = {2002},
  Pages                    = {321--357}
}

@Article{he2009learning,
  Title                    = {Learning from imbalanced data},
  Author                   = {He, H. and Garcia, E.},
  Journal                  = {Knowledge and Data Engineering, IEEE Transactions on},
  Year                     = {2009},
  Number                   = {9},
  Pages                    = {1263--1284},
  Volume                   = {21},
  Publisher                = {IEEE}
}

@InProceedings{kubat1997addressing,
  Title                    = {Addressing the curse of imbalanced training sets: one-sided selection},
  Author                   = {Kubat, M. and Matwin, S. and others},
  Booktitle                = {International Conference in Machine Learning},
  Year                     = {1997},
  Organization             = {Nashville, USA},
  Pages                    = {179--186},
  Volume                   = {97}
}

@Book{laurikkala2001improving,
  Title                    = {Improving identification of difficult small classes by balancing class distribution},
  Author                   = {Laurikkala, J.},
  Publisher                = {Springer},
  Year                     = {2001}
}

@InProceedings{mani2003knn,
  Title                    = {kNN approach to unbalanced data distributions: a case study involving information extraction},
  Author                   = {Mani, I. and Zhang, I.},
  Booktitle                = {Proceedings of Workshop on Learning from Imbalanced Datasets},
  Year                     = {2003}
}

@InProceedings{prati2009data,
  Title                    = {Data mining with imbalanced class distributions: concepts and methods.},
  Author                   = {Prati, R. C. and Batista, G. E. and Monard, M. C.},
  Booktitle                = {Indian International Conference Artificial Intelligence},
  Year                     = {2009},
  Pages                    = {359--376}
}

@Article{tomek1976two,
  Title                    = {Two modifications of {C}{N}{N}},
  Author                   = {Tomek, I.},
  Journal                  = {Systems, Man, and Cybernetics, IEEE Transactions on},
  Year                     = {1976},
  Pages                    = {769--772},
  Volume                   = {6}
}

@Article{wilson1972asymptotic,
  Title                    = {Asymptotic properties of nearest neighbor rules using edited data},
  Author                   = {Wilson, D. L.},
  Journal                  = {Systems, Man and Cybernetics, IEEE Transactions on},
  Year                     = {1972},
  Number                   = {3},
  Pages                    = {408--421},
  Publisher                = {IEEE}
}

@article{yang200610,
  title={10 challenging problems in data mining research},
  author={Yang, Q. and Wu, X.},
  journal={International Journal of Information Technology \& Decision Making},
  volume={5},
  number={04},
  pages={597--604},
  year={2006},
  publisher={World Scientific}
}

@inproceedings{rastgoo2016tackling,
  title={Tackling the Problem of Data Imbalancing for Melanoma Classification},
  author={Rastgoo, M. and Lemaitre, G. and Massich, J. and Morel, O. and Marzani, F. and Garcia, R. and Meriaudeau, F.},
  booktitle={Bioimaging},
  year={2016}
}

@book{torgo2010data,
  title={Data mining with {R}: learning with case studies},
  author={Torgo, L.},
  year={2010},
  publisher={Chapman \& Hall/CRC}
}

@article{kuhn2015caret,
  title={Caret: classification and regression training},
  author={Kuhn, M.},
  journal={Astrophysics Source Code Library},
  volume={1},
  pages={05003},
  year={2015}
}

@inproceedings{dal2013racing,
  title={Racing for unbalanced methods selection},
  author={Dal Pozzolo, A. and Caelen, O. and Waterschoot, S. and Bontempi, G.},
  booktitle={International Conference on Intelligent Data Engineering and Automated Learning},
  pages={24--31},
  year={2013},
  organization={Springer}
}

@article{pedregosa2011scikit,
  title={Scikit-learn: {M}achine learning in Python},
  author={Pedregosa, F. and Varoquaux, G. and Gramfort, A. and Michel, V. and Thirion, B. and Grisel, O. and Blondel, M. and Prettenhofer, P. and Weiss, R. and Dubourg, V. and others},
  journal={Journal of Machine Learning Research},
  volume={12},
  number={Oct},
  pages={2825--2830},
  year={2011}
}

@article{sonnenburg2010shogun,
  title={The {S}{H}{O}{G}{U}{N} machine learning toolbox},
  author={Sonnenburg, S. C. and Henschel, S. and Widmer, C. and Behr, J. and Zien, A. and Bona, F. de and Binder, A. and Gehl, C. and Franc, V. and others},
  journal={Journal of Machine Learning Research},
  volume={11},
  number={Jun},
  pages={1799--1802},
  year={2010}
}

@article{liu2009exploratory,
  title={Exploratory undersampling for class-imbalance learning},
  author={Liu, X.-Y. and Wu, J. and Zhou, Z.-H.},
  journal={IEEE Transactions on Systems, Man, and Cybernetics, Part B (Cybernetics)},
  volume={39},
  number={2},
  pages={539--550},
  year={2009},
  publisher={IEEE}
}

@article{hart1968condensed,
  author={Hart, P.},
  journal={Information Theory, IEEE Transactions on},
  title={The condensed nearest neighbor rule},
  year={1968},
  volume={14},
  number={3},
  pages={515-516},
  month={May}
}

@article{smith2014instance,
  title={An instance level analysis of data complexity},
  author={Smith, M. R. and Martinez, T. and Giraud-Carrier, C.},
  journal={Machine learning},
  volume={95},
  number={2},
  pages={225--256},
  year={2014},
  publisher={Springer}
}

@inproceedings{han2005borderline,
  title={Borderline-SMOTE: a new over-sampling method in imbalanced data sets learning},
  author={Han, H. and Wang, W.-Y. and Mao, B.-H.},
  booktitle={International Conference on Intelligent Computing},
  pages={878--887},
  year={2005},
  organization={Springer}
}

@article{nguyen2011borderline,
  title={Borderline over-sampling for imbalanced data classification},
  author={Nguyen, H. M. and Cooper, E. W. and Kamei, K.},
  journal={International Journal of Knowledge Engineering and Soft Data Paradigms},
  volume={3},
  number={1},
  pages={4--21},
  year={2011},
  publisher={Inderscience Publishers}
}

@inproceedings{he2008adasyn,
  title={ADASYN: Adaptive synthetic sampling approach for imbalanced learning},
  author={He, Haibo and Bai, Yang and Garcia, Edwardo A and Li, Shutao},
  booktitle={2008 IEEE International Joint Conference on Neural Networks (IEEE World Congress on Computational Intelligence)},
  pages={1322--1328},
  year={2008},
  organization={IEEE}
}
